
% ARTICLES (FLUID DYNAMICS)

@article{Brody1996,
author = {Brody, J and Yager, P and Goldstein, R and Austin, R},
doi = {10.1016/S0006-3495(96)79538-3},
file = {:D$\backslash$:/MendeleyPapers/Brody et al./1996/Biotechnology at low Reynolds numbers - 1996.pdf:pdf},
issn = {00063495},
journal = {Biophysical Journal},
month = dec,
number = {6},
pages = {3430--3441},
publisher = {Elsevier},
title = {{Biotechnology at low Reynolds numbers}},
url = {http://linkinghub.elsevier.com/retrieve/pii/S0006349596795383},
volume = {71},
year = {1996}
} 
